@article{digidoc,
  title={A secure and improved self-embedding algorithm to combat digital document forgery},
  author={Cheddad, Abbas and Condell, Joan and Curran, Kevin and McKevitt, Paul},
  journal={Signal Processing},
  volume={89},
  number={12},
  year={2009},
  publisher={Elsevier}
}

@inproceedings{cpforgery,
  author={Khan, S. and Kulkarni, A.},
  booktitle={Signal and Image Processing (ICSIP), 2010 International Conference on},
  title={Robust method for detection of copy-move forgery in digital images},
  year={2010},
  month={Dec},
  pages={69-73},
  doi={10.1109/ICSIP.2010.5697444}
}

@inproceedings{robust,
  author={Weiqi Luo and Jiwu Huang and Guoping Qiu},
  booktitle={Pattern Recognition, 2006. ICPR 2006. 18th International Conference on},
  title={Robust Detection of Region-Duplication Forgery in Digital Image},
  year={2006},
  month={},
  volume={4},
  pages={746-749},
  doi={10.1109/ICPR.2006.1003},
  ISSN={1051-4651}
}

@book{progp,
  title={An Introduction to Parallel Programming},
  author={Pacheco, Peter},
  publisher = {Morgan Kaufmann},
  year = {2011}
}

@book{digimg,
  title={Digital Image Processing: PIKS Inside},
  author={Pratt, W. K.},
  edition = {3rd},
  publisher = {John Wiley {\&} Sons, Inc},
  year = {2001}
}

@article{cpmetric,
  author={T. Shahid and A. B. Mansoor},
  title={Copy-Move Forgery Detection Algorithm for Digital Images and a New Accuracy Metric},
  journal={International Journal of Recent Trends in Engineering},
  year={2009},
  month={Nov},
  volume={2},
  number={2}
}

@inproceedings{cleveland,
  author={Jessica Fridrich and David Soukal and Jan Lukas},
  booktitle={Proceedings of Digital Forensic Research Workshop},
  title={Detection of Copy-Move Forgery in Digital Images},
  year={2003},
  month={Aug}
}

@article{survey,
  title={A Survey of Copy-Move Forgery Detection Techniques},
  author={Salam A.Thajeel and Ghazali Sulong},
  journal={Journal of Theoretical and Applied Information Technology},
  volume={70},
  number={1},
  month={Dec},
  year={2014},
  publisher={JATIT \& LLS}
}

@techreport{openmp,
  author={{OpenMP Board}},
  title={OpenMP Application Program Interface - Examples},
  number={4.0.0},
  year={2013},
  institution={OpenMP Architecture Review Board},
  url={http://openmp.org/mp-documents/OpenMP4.0.0.Examples.pdf}
}

@techreport{mpi,
  author={{MPI Forum}},
  title={MPI: A Message-Passing Interface Standard},
  number={3.0},
  year={2012},
  institution={Message Passing Interface Forum},
  url={http://www.mpi-forum.org/docs/mpi-3.0/mpi30-report.pdf}
}

@book{advmpi,
  author={W. Gropp and T. Hoefler and R. Thakur and E. Lusk},
  title={{Using Advanced MPI: Modern Features of the Message-Passing Interface}},
  year={2014},
  month={Nov},
  location={Cambridge, MA},
  publisher={MIT Press},
  isbn={978-0262527637}
}